@string{ECOOP  = {European Conf. on Object-Oriented Programming (ECOOP)}}

@article{oopsla17a,
  author = {C Lopes and  others},
  title = {{D\'ej\`a  Vu}: A Map of Code Duplicates on {GitHub}},
 journal = {Proc. ACM Program. Lang.},
 number    = {{OOPSLA}},
 year = 2017,
  doi = {10.1145/3133908}}

@inproceedings{ecoop21,
  author    = {P Maj and others},
  title     = {{CodeDJ}: Reproducible Queries over Large-Scale Software
                  Repositories},
  booktitle = ECOOP,
  year      = {2021},
  doi = {10.1145/2658987}}

@article{mun17,
  author = {Munaiah, N and others},
  year = 2017,
  title = {Curating GitHub for engineered software projects},
  journal = {Empirical Software Engineering},
  doi = {10.1007/s10664-017-9512-6}}

@article{pick19,
  author    = {P Pickerill and others},
  title     = {{Phantom:} Curating GitHub for engineered software
                 projects using time-series clustering},
  journal   = {CoRR},
  year      = {2019},
  url       = {http://arxiv.org/abs/1904.11164}}

@article{baltes20,
  author    = {S Baltes and P Ralph},
  title     = {Sampling in Software Engineering Research},
  journal   = {CoRR},
  year      = {2020},
  url       = {https://arxiv.org/abs/2002.07764}}

@article{ma21,
  author =        {Y Ma and others},
  journal =       {Empirical Softw. Eng.},
  title =         {World of Code: enabling a resarch workflow for mining
                  and analyzing the universe of open source VCS data},
  year =          {2021},
  doi =           {10.1007/s10664-020-09905-9}}

@article{Ralph:2021,
  author =        {P Ralph and others},
  title =         {Empirical Standards for Software Engineering Research},
  year =          {2020},
    url =         {https://arxiv.org/abs/2010.03525},
  journal   =     {CoRR}}

@inproceedings{Gousios:2012,
  author =        {Gousios, G and Spinellis, D},
  booktitle =     {Mining Software Repositories (MSR)},
  title =         {{GHT}orrent: {G}it{H}ub's Data from a Firehose},
  year =          {2012},
  doi =           {10.1109/MSR.2012.6224294}}

@inproceedings{Kotti:2019:MSR,
  author =        {Z Kotti and D Spinellis},
  booktitle =     {Mining Software Repositories (MSR)},
  title =         {Standing on Shoulders or Feet? The Usage of the MSR Data
                  Papers},
  year =          {2019},
  doi =           {10.1109/MSR.2019.00085}}

@inproceedings{Kalliamvakou:2014,
  author =        {Kalliamvakou, E and others},
  booktitle =     {Mining Software Repositories (MSR)},
  title =         {The Promises and Perils of Mining {GitHub}},
  year =          {2014},
  doi =           {10.1145/2597073.2597074}}

@article{Borges:2018:JSS,
  author =        {Borges, H and Tulio Valente, M},
  journal =       {Journal of Systems and Software},
  title =         {Whatâ€™s in a GitHub Star? Understanding Repository Starring
                  Practices in a Social Coding Platform},
  year =          {2018},
  doi =           {10.1016/j.jss.2018.09.016}}

@inproceedings{Boa:2013,
  author =        {Dyer, R and Nguyen, H and Rajan, H and  Nguyen, T},
  booktitle =     {Int. Conf. on Software Engineering (ICSE)},
  title =         {Boa: A Language and Infrastructure for Analyzing
                   Ultra-large-scale Software Repositories},
  year =          {2013},
  doi =           {10.5555/2486788.2486844}}

@inproceedings{Han:2019:COMPSAC,
  author =        {Han, J and others},
  booktitle =     {Computer Software and Applications Conf. (COMPSAC)},
  title =         {Characterization and Prediction of Popular Projects on {GitHub}},
  year =          {2019},
  doi =           {10.1109/COMPSAC.2019.00013}}

@inproceedings{Nagappan:2013,
  author =        {Nagappan, M and Zimmermann, T and Bird, C},
  booktitle =     {Foundations of Software Engineering (FSE)},
  title =         {Diversity in Software Engineering Research},
  year =          {2013},
  doi =           {10.1145/2491411.2491415}}

@inproceedings{Cosentino:MSR16,
  author =        {V Cosentino and J Izquierdo and J Cabot},
  booktitle =     {Mining Software Repositories (MSR)},
  title =         {Findings from {GitHub}: Methods, Datasets and Limitations},
  year =          {2016},
  doi =           {10.1145/2901739.2901776}}

@inproceedings{golubev:2020:MSR,
  author =        {Y Golubev and M Eliseeva and N Povarov and T Bryksin},
  booktitle =     {Mining Software Repositories (MSR)},
  title =         {A Study of Potential Code Borrowing and License Violations in
                  {Java} Projects on {GitHub}},
  year =          {2020},
  doi =           {10.1145/3379597.3387455}}

@inproceedings{nakamaru:2020:MSR,
  author =        {T Nakamaru and others},
  booktitle =     {Mining Software Repositories (MSR)},
  title =         {An Empirical Study of Method Chaining in {Java}},
  year =          {2020},
  doi =           {10.1145/3379597.3387441}}

@inproceedings{Jebnoun:2020:MSR,
  author =        {H Jebnoun and others},
  booktitle =     {Mining Software Repositories (MSR)},
  title =         {The Scent of Deep Learning Code},
  year =          {2020},
  doi =           {10.1145/3379597.3387479}}

@inproceedings{Markovtsev:2019:MSR,
  author =        {V Markovtsev and others},
  booktitle =     {Mining Software Repositories (MSR)},
  title =         {Style-analyzer: fixing code style inconsistencies with
                  interpretable unsupervised algorithms},
  year =          {2019},
  doi =           {10.1109/MSR.2019.00073}}

@article{Chen:2018:IST,
  author =        {Z Chen and others},
  journal =       {Information and Software Technology},
  title =         {Understanding metric-based detectable smells in Python
                  software},
  year =          {2018},
  doi =           {10.1016/j.infsof.2017.09.011}}

@inproceedings{sousa:2020:MSR,
  author =        {L Da Silva Sousa and others},
  booktitle =     {Mining Software Repositories (MSR)},
  title =         {Characterizing and Identifying Composite Refactorings},
  year =          {2020},
  doi =           {10.1145/3379597.3387477}}

@inproceedings{Pecorelli:2020:MSR,
  author =        {F Pecorelli and F Palomba and F Khomh and A De Lucia},
  booktitle =     {Mining Software Repositories (MSR)},
  title =         {Developer-Driven Code Smell Prioritization},
  year =          {2020},
  doi =           {10.1145/3379597.3387457}}

@inproceedings{Gonzalez.Zimmermann:2020:MSR,
  author =        {D Gonzalez and T Zimmermann and N Nagappan},
  booktitle =     {Mining Software Repositories (MSR)},
  title =         {The State of the {ML}-universe},
  year =          {2020},
  doi =           {10.1145/3379597.3387473}}

@book{Lohr:2010:Sampling,
  author =        {S Lohr},
  title =         {Sampling: Design and Analysis},
  year =          {2010}}

@inproceedings{Mattis:2020:ACM,
  author =        {Mattis, T and Rein, P and Hirschfeld, R},
  title =         {Three Trillion Lines: Infrastructure for Mining GitHub in the
                  Classroom},
  year =          {2020},
  doi =           {10.1145/3397537.3397551},
  booktitle =     {Conf. on Art, Science \& Eng. of Programming <Programming>}}

@inproceedings{Pfeiffer20,
  author =        {Pfeiffer, R},
  booktitle =     {Mining Software Repositories (MSR)},
  title =         {What Constitutes Software?},
  year =          {2020},
  doi =           {10.1145/3379597.3387442}}
